@article{zilberstein1996using,
  title={Using anytime algorithms in intelligent systems},
  author={Zilberstein, Shlomo},
  journal={AI magazine},
  volume={17},
  number={3},
  pages={73},
  year={1996}
}

@article{felzenszwalb2010object,
  title={Object detection with discriminatively trained part-based models},
  author={Felzenszwalb, Pedro F and Girshick, Ross B and McAllester, David and Ramanan, Deva},
  journal={Pattern Analysis and Machine Intelligence, IEEE Transactions on},
  volume={32},
  number={9},
  pages={1627--1645},
  year={2010},
  publisher={IEEE}
}

@article{guyon2002gene,
  title={Gene selection for cancer classification using support vector machines},
  author={Guyon, I. and Weston, J. and Barnhill, S. and Vapnik, V.},
  journal={Machine learning},
  volume={46},
  number={1-3},
  pages={389--422},
  year={2002},
  publisher={Springer}
}
@inproceedings{heisele2001face,
  title={Face recognition with support vector machines: Global versus component-based approach},
  author={Heisele, B. and Ho, P. and Poggio, T.},
  booktitle={Computer Vision, 2001. ICCV 2001. Proceedings. Eighth IEEE International Conference on},
  volume={2},
  pages={688--694},
  year={2001},
  organization={IEEE}
}
@inproceedings{Wenlin_FFD,
 author = {Chen, W. and Chen, Y. and Weinberger, K. Q.},
 title = {Fast Flux Discriminant for Large-Scale Sparse Nonlinear Classification},
 booktitle = {Proc. of 20th ACM SIGKDD Conf. on Knowledge Discovery and Data Mining (KDD)},
 year = {2014},
 location = {New York, USA},
}
@inproceedings{salakhutdinov2007learning,
  title={Learning a nonlinear embedding by preserving class neighbourhood structure},
  author={Salakhutdinov, R. and Hinton, G. E.},
  booktitle={International Conference on Artificial Intelligence and Statistics},
  pages={412--419},
  year={2007}
}
@misc{Bache+Lichman:2013 ,
author = "K. Bache and M. Lichman",
year = "2013",
title = "{UCI} Machine Learning Repository",
url = "http://archive.ics.uci.edu/ml",
institution = "University of California, Irvine, School of Information and Computer Sciences" 
}
@article{kimeldorf1970correspondence,
  title={A correspondence between Bayesian estimation on stochastic processes and smoothing by splines},
  author={Kimeldorf, G. S. and Wahba, G.},
  journal={The Annals of Mathematical Statistics},
  pages={495--502},
  year={1970},
  publisher={JSTOR}
}
@article{chapelle2007training,
  title={Training a support vector machine in the primal},
  author={Chapelle, O.},
  journal={Neural Computation},
  volume={19},
  number={5},
  pages={1155--1178},
  year={2007},
  publisher={MIT Press}
}
@article{drucker1999support,
  title={Support vector machines for spam categorization},
  author={Drucker, H. and Wu, D. and Vapnik, V. N.},
  journal={Neural Networks, IEEE Transactions on},
  volume={10},
  number={5},
  pages={1048--1054},
  year={1999},
  publisher={IEEE}
}
@inproceedings{burges1996simplified,
  title={Simplified support vector decision rules},
  author={Burges, C.},
  booktitle={ICML},
  volume={96},
  pages={71--77},
  year={1996}
}
@inproceedings{burges1997improving,
  title={Improving the Accuracy and Speed of Support Vector Machines},
  author={Burges, C. J. and Sch{\"o}lkopf, B.},
  booktitle={Advances in Neural Information Processing Systems},
  pages={375--381},
  year={1997}
}
@article{rakotomamonjy2008simplemkl,
  title={SimpleMKL},
  author={Rakotomamonjy, A. and Bach, F. and Canu, S. and Grandvalet, Y. and others},
  journal={Journal of Machine Learning Research},
  volume={9},
  pages={2491--2521},
  year={2008}
}

@article{tibshirani1996regression,
  title={Regression shrinkage and selection via the lasso},
  author={Tibshirani, R.},
  journal={Journal of the Royal Statistical Society. Series B (Methodological)},
  pages={267--288},
  year={1996},
  publisher={JSTOR}
}

@article{rifkin2004defense,
  title={In defense of one-vs-all classification},
  author={Rifkin, R. and Klautau, A.},
  journal={The Journal of Machine Learning Research},
  volume={5},
  pages={101--141},
  year={2004},
  publisher={JMLR. org}
}

@article{shawe2000support,
  title={The support vector machine},
  author={Shawe-Taylor, C. and Sch{\"o}lkopf, B. and Smola, A.},
  year={2000}
}

@article{keerthi2006building,
  title={Building support vector machines with reduced classifier complexity},
  author={Keerthi, S. and Chapelle, O. and DeCoste, D.},
  journal={The Journal of Machine Learning Research},
  volume={7},
  pages={1493--1515},
  year={2006},
  publisher={JMLR. org}
}

@article{bonnans1998optimization,
  title={Optimization problems with perturbations: A guided tour},
  author={Bonnans, J. F. and Shapiro, A.},
  journal={SIAM review},
  volume={40},
  number={2},
  pages={228--264},
  year={1998},
  publisher={SIAM}
}

@article{oliva2001modeling,
  title={Modeling the shape of the scene: A holistic representation of the spatial envelope},
  author={Oliva, A. and Torralba, A.},
  journal={International Journal of Computer Vision},
  volume={42},
  number={3},
  pages={145--175},
  year={2001},
  publisher={Springer}
}

@book{golub1996matrix,
  title={Matrix computations},
  author={Golub, G. H. and Van Loan, C.F.},
  volume={3},
  year={1996},
  publisher={Johns Hopkins University Press}
}

@article{grubb2011generalized,
  title={Generalized boosting algorithms for convex optimization},
  author={Grubb, A. and Bagnell, J. A.},
  journal={arXiv preprint arXiv:1105.2054},
  year={2011}
}

@inproceedings{tyree2011parallel,
  title={Parallel boosted regression trees for web search ranking},
  author={Tyree, S. and Weinberger, K. Q. and Agrawal, K. and Paykin, J.},
  booktitle={WWW},
  pages={387--396},
  year={2011},
  organization={ACM}
}

 Cost-Sensitive Tree of Classifiers. Proceedings of 30th International Conference on Machine Learning (ICML), Atlanta, GA (in press).

@article{wang2012breaking,
  title={Breaking the curse of kernelization: Budgeted stochastic gradient descent for large-scale svm training},
  author={Wang, Z. and Crammer, K. and Vucetic, S.},
  journal={Journal of Machine Learning Research},
  volume={13},
  pages={3103--3131},
  year={2012}
}

@inproceedings{bucilua2006model,
  title={Model compression},
  author={Bucilu«é, C. and Caruana, R. and Niculescu-Mizil, A.},
  booktitle={Proceedings of the 12th ACM SIGKDD international conference on Knowledge discovery and data mining},
  pages={535--541},
  year={2006},
  organization={ACM}
}

@article{chang2011libsvm,
  title={LIBSVM: a library for support vector machines},
  author={Chang, C. and Lin, C.},
  journal={ACM Transactions on Intelligent Systems and Technology (TIST)},
  volume={2},
  number={3},
  pages={27},
  year={2011},
  publisher={ACM}
}

@InProceedings{gao2011multiclass,
  author =    {T. Gao and D. Koller},
  title =     {Multiclass Boosting with Hinge Loss based on Output Coding },
  series =    {ICML '11},
  year =      {2011},
  editor =    {Lise Getoor and Tobias Scheffer},
  location =  {Bellevue, Washington, USA},
  pages=      {569--576},
}

@article{gavrila2000pedestrian,
  title={Pedestrian detection from a moving vehicle},
  author={Gavrila, D.},
  journal={ECCV 2000},
  pages={37--49},
  year={2000},
  publisher={Springer}
}


@inproceedings{freund1995desicion,
  title={A desicion-theoretic generalization of on-line learning and an application to boosting},
  author={Freund, Y. and Schapire, R.},
  booktitle={Computational learning theory},
  pages={23--37},
  year={1995},
  organization={Springer}
}

@inproceedings{pujara2011using,
  title={Using Classifier Cascades for Scalable E-Mail Classification},
  author={Pujara, J. and Daum{\'e} III, H. and Getoor, L.},
  year={2011},
  booktitle={CEAS},   
  location={Perth, AU},
}
CEAS'8


@inproceedings{vedaldi2010vlfeat,
  title={VLFeat: An open and portable library of computer vision algorithms},
  author={Vedaldi, A. and Fulkerson, B.},
  booktitle={Proceedings of the international conference on Multimedia},
  pages={1469--1472},
  year={2010},
  organization={ACM}
}

@inproceedings{lowe1999object,
  title={Object recognition from local scale-invariant features},
  author={Lowe, D. G.},
  booktitle={Computer Vision, 1999. The Proceedings of the Seventh IEEE International Conference on},
  volume={2},
  pages={1150--1157},
  year={1999},
  organization={Ieee}
}

@inproceedings{dalal2005histograms,
  title={Histograms of oriented gradients for human detection},
  author={Dalal, N. and Triggs, B.},
  booktitle={Computer Vision and Pattern Recognition, 2005. CVPR 2005. IEEE Computer Society Conference on},
  volume={1},
  pages={886--893},
  year={2005},
  organization={IEEE}
}

@inproceedings{karayev2012timely,
  title={Timely Object Recognition},
  author={Karayev, S. and Baumgartner, T. and Fritz, M. and Darrell, T.},
  booktitle={Advances in Neural Information Processing Systems 25},
  pages={899--907},
  year={2012}
}

@inproceedings{dredze2007learning,
  title={Learning fast classifiers for image spam},
  author={Dredze, M. and Gevaryahu, R. and Elias-Bachrach, A.},
  booktitle={proceedings of the Conference on Email and Anti-Spam (CEAS)},
  year={2007}
}
@article{breiman2001random,
  title={Random forests},
  author={Breiman, L.},
  journal={Machine learning},
  volume={45},
  number={1},
  pages={5--32},
  year={2001},
  publisher={Springer}
}
@article{efron2004least,
  title={Least angle regression},
  author={Efron, B. and Hastie, T. and Johnstone, I. and Tibshirani, R.},
  journal={The Annals of statistics},
  volume={32},
  number={2},
  pages={407--499},
  year={2004},
  publisher={Institute of Mathematical Statistics}
}
@article{rasmussen2006gaussian,
  title={Gaussian processes for machine learning},
  author={Rasmussen, C. E.},
  year={2006},
  publisher={Citeseer}
}
@book{kleinbaum2013applied,
  title={Applied regression analysis and other multivariable methods},
  author={Kleinbaum, D. and Kupper, L. and Nizam, A. and Rosenberg, E.},
  year={2013},
  publisher={Cengage Learning}
}
@article{cortes1995support,
  title={Support-vector networks},
  author={Cortes, C. and Vapnik, V.},
  journal={Machine learning},
  volume={20},
  number={3},
  pages={273--297},
  year={1995},
  publisher={Springer}
}
@book{scholkopf2001learning,
  title={Learning with kernels: Support vector machines, regularization, optimization, and beyond},
  author={Sch{\"o}lkopf, B. and Smola, A.J.},
  year={2001},
  publisher={MIT press}
}

@article{chapelle2011boosted,
  title={Boosted multi-task learning},
  author={Chapelle, O. and Shivaswamy, P. and Vadrevu, S. and Weinberger, K. and Zhang, Y. and Tseng, B.},
  journal={Machine learning},
  volume={85},
  number={1},
  pages={149--173},
  year={2011},
  publisher={Springer}
}
@inproceedings{Wenlin_MVC,
 author = {Chen, W. and Weinberger, K. Q. and Chen, Y.},
 title = {Maximum Variance Correction with Application to A* Search},
 booktitle = {Proc. of 30th Intl. Conf. on Machine Learning (ICML)},
 year = {2013},
 location = {Atlanta, USA},
}

@article{tyree2014parallel,
  title={Parallel Support Vector Machines in Practice},
  author={Tyree, S. and Gardner, J. R. and Weinberger, K. Q. and Agrawal, K. and Tran, J.},
  journal={arXiv preprint arXiv:1404.1066},
  year={2014}
}

@article{Ma14_FGCS,
   title={A memory access model for highly-threaded many-core architectures},
   journal={Future Generation Computer Systems},
   month={January},
   pages={202-215},
   volume={30},
   year={2014},
   author={Ma, L. and Agrawal, K. and Chamberlain, R. D.},
}

@inproceedings{Ma14_HPCS,
 author = {Ma, L. and Agrawal, K. and Chamberlain, R. D.},
 title = {Analysis of Classic Algorithms on {GPU}s},
 booktitle = {Proc. of the 12th ACM/IEEE Int'l Conf. on High Performance Computing and Simulation (HPCS)},
 year = {2014},
 location = {Bologna, Italy},
}

@inproceedings{Wenlin_AI,
 author = {Chen, W. and Chen, Y. and Weinberger, K. Q. and Lu, Q. and Chen, X.},
 title = {Maximum Variance Correction with Application to A* Search},
 booktitle = {Proc. of 27th AAAI Conference on Artificial Intelligence (AAAI)},
 year = {2013},
 location = {Bellevue, USA},
}

@InProceedings{greedymiser,
  author =    {Z. Xu and K. Q. Weinberger and O. Chapelle},
  title =     {The Greedy Miser: Learning under Test-time Budgets},
  booktitle = {ICML},
  year =      {2012},
  location =  {Edinburgh, Scotland, GB},
  pages=      {1175--1182},
}
month =     {July},
publisher = {ACM},
series =    {ICML '12},
editor =    {John Langford and Joelle Pineau},
address =   {New York, NY, USA},
isbn =      {978-1-4503-1285-1},
url =       {http://icml.cc/2012/papers/592.pdf},

@article{cortes1995support,
  title={Support-vector networks},
  author={Cortes, C. and Vapnik, V.},
  journal={Machine learning},
  volume={20},
  number={3},
  pages={273--297},
  year={1995},
  publisher={Springer}
}

@book{hosmer2000applied,
  title={Applied logistic regression},
  author={Hosmer, D. W. and Lemeshow, S.},
  volume={354},
  year={2000},
  publisher={Wiley-Interscience}
}
@article{viola2004robust,
  title={Robust real-time face detection},
  author={Viola, P. and Jones, M. J.},
  journal={International journal of computer vision},
  volume={57},
  number={2},
  pages={137--154},
  year={2004},
  publisher={Springer}
}
@article{meier2008group,
  title={The group lasso for logistic regression},
  author={Meier, L. and Van De Geer, S. and B{\"u}hlmann, P.},
  journal={Journal of the Royal Statistical Society: Series B (Statistical Methodology)},
  volume={70},
  number={1},
  pages={53--71},
  year={2008},
  publisher={Wiley Online Library}
}
@inproceedings{chapelle2011yahoo,
  title={Yahoo! learning to rank challenge overview},
  author={Chapelle, O. and Chang, Y.},
  booktitle={JMLR: Workshop and Conference Proceedings},
  volume={14},
  pages={1--24},
  year={2011}
}

@article{rosset2004boosting,
  title={Boosting as a regularized path to a maximum margin classifier},
  author={Rosset, S. and Zhu, J. and Hastie, T.},
  journal={The Journal of Machine Learning Research},
  volume={5},
  pages={941--973},
  year={2004},
  publisher={JMLR. org}
}

@article{viola2004robust,
  title={Robust real-time face detection},
  author={Viola, P. and Jones, M.J.},
  journal={IJCV},
  volume={57},
  number={2},
  pages={137--154},
  year={2004},
  publisher={Springer}
}
International journal of computer vision

@article{li2010object,
  title={Object bank: A high-level image representation for scene classification and semantic feature sparsification},
  author={Li, L. J. and Su, H. and Xing, E. P. and Fei-Fei, L.},
  journal={NIPS},
  year={2010}
}

@inproceedings{lazebnik2006beyond,
  title={Beyond bags of features: Spatial pyramid matching for recognizing natural scene categories},
  author={Lazebnik, S. and Schmid, C. and Ponce, J.},
  booktitle={CVPR},
  pages={2169--2178},
  year={2006},
}

@article{mohan10,
  author    = {Mohan, A. and
               Chen, Z. and
               Weinberger, K. Q. },
  title     = {Web-Search Ranking with Initialized Gradient Boosted Regression Trees},
  journal   = {JMLR: Workshop and Conference Proceedings},
  volume    = {14},
  year      = {2011},
  pages     = {77-89},
  ee        = {http://www.jmlr.org/proceedings/papers/v14/mohan11a.html},
  bibsource = {DBLP, http://dblp.uni-trier.de}
}
	
	
@article{scholkopf2001kernel,
  title={The kernel trick for distances},
  author={Sch\"{o}lkopf, B.},
  journal={Advances in neural information processing systems},
  pages={301--307},
  year={2001},
  publisher={MIT; 1998}
}

@inproceedings{grubbspeedboost,
   author = "Grubb, A. and Bagnell, J. A.",
   title = "SpeedBoost: Anytime Prediction with Uniform Near-Optimality",
   booktitle = "AISTATS",
   year = "2012",
} 
month = "April",

booktitle = "Fifteenth International Conference on Artificial Intelligence and Statistics",

@inproceedings{schapire1999brief,
	Author = {Schapire, R. E.},
	Booktitle = {IJCAI},
	Pages = {1401--1406},
	Title = {A brief introduction to boosting},
	Volume = {16},
	Year = {1999}
}
Organization = {Lawrence Erlbaum Associates ltd},
IJCAI'16

@article{fleck1996finding,
	Author = {Fleck, M. and Forsyth, D. and Bregler, C.},
	Journal = {ECCV},
	Pages = {593--602},
	Publisher = {Springer},
	Title = {Finding naked people},
	Year = {1996}
}

@conference{weinberger2009feature,
	Author = {Weinberger, K. Q. and Dasgupta, A. and Langford, J. and Smola, A. and Attenberg, J.},
	Booktitle = {ICML},
	Pages = {1113--1120},
	Title = {Feature hashing for large scale multitask learning},
	Year = {2009}
}
Organization = {ACM},
Booktitle = {Proceedings of the 26th Annual International Conference on Machine Learning},

@article {chapelle2010b,
   author = {Chapelle, O. and Shivaswamy, P. and Vadrevu, S. and Weinberger, K. and Zhang, Y. and Tseng, B.},
   affiliation = {Yahoo! Labs, Sunnyvale, CA USA},
   title = {Boosted multi-task learning},
   journal = {Machine Learning},
   publisher = {Springer Netherlands},
   keyword = {Computer Science},
   pages = {1-25},
   year = {2010}
}

@article{kowalski2009sparse,
	Author = {Kowalski, M.},
	Journal = {Applied and Computational Harmonic Analysis},
	Number = {3},
	Pages = {303--324},
	Publisher = {Elsevier},
	Title = {Sparse regression using mixed norms},
	Volume = {27},
	Year = {2009}
}





@incollection{GaoKoller11,
 title ={Active Classification based on Value of Classifier},
 author={Gao, T. and Koller, D.},
 booktitle = {NIPS},
 pages = {1062--1070},
 year = {2011}
}
booktitle = {Advances in Neural Information Processing Systems 24},
editor = {J. Shawe-Taylor and R.S. Zemel and P. Bartlett and F.C.N. Pereira and K.Q. Weinberger},


@incollection{zheng2007general,
	Address = {Cambridge, MA},
	Author = {Zheng, Z. and Zha, H. and Zhang, T. and Chapelle, O. and Chen, K. and Sun, G.},
	Booktitle = {NIPS},
	Pages = {1697--1704},
	Title = {A General Boosting Method and its Application to Learning Ranking Functions for Web Search},
	Year = {2008}}

@book{trevor2009elements,
  title={The elements of statistical learning},
  author={Hastie, T. and Tibshirani, R. and Friedman, J. H.},
  year={2009},
  publisher={Springer}
}
	
@inproceedings{raykar2010designing,
	author = {Raykar, V. C. and Krishnapuram, B. and Yu, S.},
	booktitle = {ACM SIGKDD},
	pages = {853--860},
	title = {Designing efficient cascaded classifiers: tradeoff between accuracy and cost},
	year = {2010}
}

@article{Chapelle02choosingmultiple,
  title={{Choosing multiple parameters for support vector machines}},
  author={Chapelle, O. and Vapnik, V. and Bousquet, O. and Mukherjee, S.},
  journal={Machine Learning},
  volume={46},
  number={1},
  pages={131--159},
  year={2002},
  publisher={Springer}
}

@article{cortes1995support,
	  title={{Support-vector networks}},
	  author={Cortes, C. and Vapnik, V.},
	  journal={Machine learning},
	  volume={20},
	  number={3},
	  pages={273--297},
	  year={1995},
	  publisher={Springer}
}

@Book{Vapnik98,
  author	= {V.~Vapnik},
  title		= {Statistical Learning Theory},
  publisher	= {Wiley},
  address	= {N.Y.},
  year		= {1998}
}

@incollection{Lefakis2010,
 title = {Joint Cascade Optimization Using A Product Of Boosted Classifiers},
 author = {Lefakis, L. and Fleuret, F.},
 booktitle = {NIPS},
 pages = {1315--1323},
 year = {2010}
}
editor = {J. Lafferty and C. K. I. Williams and J. Shawe-Taylor and R.S. Zemel and A. Culotta},
 booktitle = {Advances in Neural Information Processing Systems 23},

@MISC{peterson2008,
	author = {K. B. Petersen and M. S. Pedersen},
	title = {The Matrix Cookbook},
	year = {2008},
	month = {oct},
	keywords = {Matrix identity, matrix relations, inverse, matrix derivative},
	publisher = {Technical University of Denmark},
	abstract = {Matrix identities, relations and approximations. A desktop reference for quick overview of mathematics of matrices.}
	}

@incollection{Saberian2010,
 title = {Boosting Classifier Cascades},
 author = {Saberian, M. and Vasconcelos, N.},
 booktitle = {NIPS},
 pages = {2047--2055},
 year = {2010}
}
booktitle = {Advances in Neural Information Processing Systems 23},

@inproceedings{chen2011,
  title={Classifier Cascade for Minimizing Feature Evaluation Cost},
  author={Chen, M. and Xu, Z. and Weinberger, K. Q. and Chapelle, O.},
  year={2012},
  Booktitle={AISTATS},
}
# booktitle={Proceedings of the Fifteenth International Conference on Artificial Intelligence and Statistics},


@inproceedings{dundar2007joint,
  title={Joint optimization of cascaded classifiers for computer aided detection},
  author={Dundar, M. M. and Bi, J.},
  booktitle={2007 IEEE Conference on Computer Vision and Pattern Recognition},
  pages={1--8},
  year={2007},
  organization={IEEE}
}

@inproceedings{cambazoglu2010early,
	Author = {Cambazoglu, B. B. and Zaragoza, H. and Chapelle, O. and Chen, J. and Liao, C. and Zheng, Z. and Degenhardt, J.},
	Booktitle = {WSDM'3},
	Pages = {411--420},
	Title = {Early exit optimizations for additive machine learned ranking systems},
	Year = {2010}}
Organization = {ACM},

@article{jarvelin2002cumulated,
  title={{Cumulated gain-based evaluation of IR techniques}},
  author={J\"arvelin, K. and Kek\"al\"ainen, J.},
  journal={ACM TOIS},
  volume={20},
  number={4},
  pages={422--446},
  year={2002},
  publisher={ACM}
}

@book{breiman1984classification,
  title={Classification and regression trees},
  author={Breiman, L.},
  year={1984},
  publisher={Chapman \& Hall/CRC}
}

@article{friedman2001greedy,
  title={Greedy function approximation: a gradient boosting machine},
  author={Friedman, J. H.},
  journal={The Annals of Statistics},
  pages={1189--1232},
  year={2001},
  publisher={JSTOR}
}

@article{bengio2010label,
  title={Label embedding trees for large multi-class tasks},
  author={Bengio, S. and Weston, J. and Grangier, D.},
  journal={NIPS},
  volume={23},
  pages={163--171},
  year={2010}
}

@inproceedings{busa2012fast,
  title={Fast classification using sparse decision DAGs},
  author={Busa-Fekete, R. and Benbouzid, D. and K{\'e}gl, B. and others},
  booktitle={ICML},
  year={2012}
}

@inproceedings{wang2012local,
  title={Local Supervised Learning through Space Partitioning},
  author={Wang, J. and Saligrama, V.},
  booktitle={NIPS},
  pages={91--99},
  year={2012}
}

@inproceedings{karayev2012timely,
  title={Timely Object Recognition},
  author={Karayev, S. and Baumgartner, T. and Fritz, M. and Darrell, T.},
  booktitle={Advances in Neural Information Processing Systems 25},
  pages={899--907},
  year={2012}
}

@inproceedings{platt2000large,
  title={Large margin dags for multiclass classification},
  author={Platt, J. C. and Cristianini, N. and Shawe-taylor, J.},
  booktitle={Advances in Neural Information Processing Systems 12},
  year={2000}
}

@inproceedings{roth2008group,
  title={The group-lasso for generalized linear models: uniqueness of solutions and efficient algorithms},
  author={Roth, V. and Fischer, B.},
  booktitle={Proceedings of the 25th international conference on Machine learning},
  pages={848--855},
  year={2008},
  organization={ACM}
}
@article{le1986asymptotic,
  title={Asymptotic methods in statistical decision theory},
  author={Le Cam, L.},
  journal={New York},
  year={1986}
}
@inproceedings{joachims1999transductive,
  title={Transductive inference for text classification using support vector machines},
  author={Joachims, T.},
  booktitle={ICML},
  volume={99},
  pages={200--209},
  year={1999}
}
@article{chapelle2004semi,
  title={Semi-supervised classification by low density separation},
  author={Chapelle, O. and Zien, A.},
  year={2004}
}
@article{yang1999mixtures,
  title={Mixtures of linear subspaces for face detection},
  author={Yang, M.},
  year={1999},
  publisher={Citeseer}
}
@inproceedings{zhang2009multi,
  title={Multi-stage convex relaxation for learning with sparse regularization},
  author={Zhang, T.},
  booktitle={Advances in Neural Information Processing Systems},
  pages={1929--1936},
  year={2009}
}

@inproceedings{xu2014gradient,
  title={Gradient boosted feature selection},
  author={Xu, Z. and Huang, G. and W., Kilian Q. and Zheng, A. X.},
  booktitle={Proceedings of the 20th ACM SIGKDD international conference on Knowledge discovery and data mining},
  pages={522--531},
  year={2014},
  organization={ACM}
}

@article{nigam2000text,
  title={Text classification from labeled and unlabeled documents using EM},
  author={Nigam, K. and McCallum, A. K. and Thrun, S. and Mitchell, T.},
  journal={Machine learning},
  volume={39},
  number={2-3},
  pages={103--134},
  year={2000},
  publisher={Springer}
}
@article{xu2010discriminative,
  title={Discriminative semi-supervised feature selection via manifold regularization},
  author={Xu, Z. and King, I. and Lyu, T. and Jin, R.},
  journal={Neural Networks, IEEE Transactions on},
  volume={21},
  number={7},
  pages={1033--1047},
  year={2010},
  publisher={IEEE}
}
@techreport{zhu2002learning,
  title={Learning from labeled and unlabeled data with label propagation},
  author={Zhu, X. and Ghahramani, Z.},
  year={2002},
  institution={Technical Report CMU-CALD-02-107, Carnegie Mellon University}
}
@inproceedings{sindhwani2006large,
  title={Large scale semi-supervised linear SVMs},
  author={Sindhwani, V. and Keerthi, S.},
  booktitle={Proceedings of the 29th annual international ACM SIGIR conference on Research and development in information retrieval},
  pages={477--484},
  year={2006},
  organization={ACM}
}
@book{vapnik2000nature,
  title={The nature of statistical learning theory},
  author={Vapnik, V.},
  year={2000},
  publisher={springer}
}
@inproceedings{sindhwani2005beyond,
  title={Beyond the point cloud: from transductive to semi-supervised learning},
  author={Sindhwani, V. and Niyogi, P. and Belkin, M.},
  booktitle={Proceedings of the 22nd international conference on Machine learning},
  pages={824--831},
  year={2005},
  organization={ACM}
}
@article{belkin2006manifold,
  title={Manifold regularization: A geometric framework for learning from labeled and unlabeled examples},
  author={Belkin, M. and Niyogi, P. and Sindhwani, V.},
  journal={The Journal of Machine Learning Research},
  volume={7},
  pages={2399--2434},
  year={2006},
  publisher={JMLR. org}
}
@incollection{sra2011fast,
  title={Fast projections onto ‚Ñì1, q-norm balls for grouped feature selection},
  author={Sra, S.},
  booktitle={Machine Learning and Knowledge Discovery in Databases},
  pages={305--317},
  year={2011},
  publisher={Springer}
}
@article{etzel2009introduction,
  title={An introduction to anatomical ROI-based fMRI classification analysis},
  author={Etzel, J. A. and Gazzola, V. and Keysers, C.},
  journal={Brain Research},
  volume={1282},
  pages={114--125},
  year={2009},
  publisher={Elsevier}
}
@article{huang2011learning,
  title={Learning with structured sparsity},
  author={Huang, J. and Zhang, T. and Metaxas, D.},
  journal={The Journal of Machine Learning Research},
  volume={12},
  pages={3371--3412},
  year={2011},
  publisher={JMLR. org}
}

@article{friedman2008sparse,
  title={Sparse inverse covariance estimation with the graphical lasso},
  author={Friedman, J. and Hastie, T. and Tibshirani, R.},
  journal={Biostatistics},
  volume={9},
  number={3},
  pages={432--441},
  year={2008},
  publisher={Biometrika Trust}
}

@article{alon1999broad,
  title={Broad patterns of gene expression revealed by clustering analysis of tumor and normal colon tissues probed by oligonucleotide arrays},
  author={Alon, U. and Barkai, N. and Notterman, D. A. and Gish, K. and Ybarra, S. and Mack, D. and Levine, A. J.},
  journal={Proceedings of the National Academy of Sciences},
  volume={96},
  number={12},
  pages={6745--6750},
  year={1999},
  publisher={National Acad Sciences}
}

@article{ma2007supervised,
  title={Supervised group Lasso with applications to microarray data analysis},
  author={Ma, S. and Song, X. and Huang, J.},
  journal={BMC bioinformatics},
  volume={8},
  number={1},
  pages={60},
  year={2007},
  publisher={BioMed Central Ltd}
}

# l1 regularized logistic regression.
@inproceedings{lee2006efficient,
  title={Efficient L\~{} 1 Regularized Logistic Regression},
  author={Lee, S. and Lee, H. and Abbeel, P. and Ng, A. Y.},
  booktitle={Proceedings of the National Conference on Artificial Intelligence},
  volume={21},
  number={1},
  pages={401},
  year={2006},
  organization={Menlo Park, CA; Cambridge, MA; London; AAAI Press; MIT Press; 1999}
}
@article{park2007l1,
  title={L1-regularization path algorithm for generalized linear models},
  author={Park, M. Y. and Hastie, T.},
  journal={Journal of the Royal Statistical Society: Series B (Statistical Methodology)},
  volume={69},
  number={4},
  pages={659--677},
  year={2007},
  publisher={Wiley Online Library}
}

@inproceedings{duchi2008efficient,
  title={Efficient projections onto the l 1-ball for learning in high dimensions},
  author={Duchi, J. and Shalev-Shwartz, S. and Singer, Y. and Chandra, T.},
  booktitle={Proceedings of the 25th international conference on Machine learning},
  pages={272--279},
  year={2008},
  organization={ACM}
}
@inproceedings{liu2010decoding,
  title={Decoding ipsilateral finger movements from ECoG signals in humans},
  author={Liu, Y. and Sharma, M. and Gaona, C. and Breshears, J. and Roland, J. and Freudenburg, Z. and Leuthardt, E. and Weinberger, K. Q.},
  booktitle={Advances in Neural Information Processing Systems},
  pages={1468--1476},
  year={2010}
}
@article{saeys2007review,
  title={A review of feature selection techniques in bioinformatics},
  author={Saeys, Y. and Inza, I. and Larra{\~n}aga, P.},
  journal={bioinformatics},
  volume={23},
  number={19},
  pages={2507--2517},
  year={2007},
  publisher={Oxford Univ Press}
}

@article{guyon2003introduction,
  title={An introduction to variable and feature selection},
  author={Guyon, I. and Elisseeff, A.},
  journal={The Journal of Machine Learning Research},
  volume={3},
  pages={1157--1182},
  year={2003},
  publisher={JMLR. org}
}
@article{roth2004generalized,
  title={The generalized lasso},
  author={Roth, V.},
  journal={Neural Networks, IEEE Transactions on},
  volume={15},
  number={1},
  pages={16--28},
  year={2004},
  publisher={IEEE}
}
@article{bonnans1998optimization,
  title={Optimization problems with perturbations: A guided tour},
  author={Bonnans, J. F. and Shapiro, A.},
  journal={SIAM review},
  volume={40},
  number={2},
  pages={228--264},
  year={1998},
  publisher={SIAM}
}

@article{oliva2001modeling,
  title={Modeling the shape of the scene: A holistic representation of the spatial envelope},
  author={Oliva, A. and Torralba, A.},
  journal={International Journal of Computer Vision},
  volume={42},
  number={3},
  pages={145--175},
  year={2001},
  publisher={Springer}
}

@book{golub1996matrix,
  title={Matrix computations},
  author={Golub, G. H. and Van Loan, C. F.},
  volume={3},
  year={1996},
  publisher={Johns Hopkins University Press}
}

@inproceedings{tyree2011parallel,
  title={Parallel boosted regression trees for web search ranking},
  author={Tyree, S. and Weinberger, K. Q. and Agrawal, K. and Paykin, J.},
  booktitle={WWW},
  pages={387--396},
  year={2011},
  organization={ACM}
}

 Cost-Sensitive Tree of Classifiers. Proceedings of 30th International Conference on Machine Learning (ICML), Atlanta, GA (in press).

@InProceedings{gao2011multiclass,
  author =    {Tianshi Gao and Daphne Koller},
  title =     {Multiclass Boosting with Hinge Loss based on Output Coding },
  series =    {ICML '11},
  year =      {2011},
  editor =    {Lise Getoor and Tobias Scheffer},
  location =  {Bellevue, Washington, USA},
  pages=      {569--576},
}

@article{gavrila2000pedestrian,
  title={Pedestrian detection from a moving vehicle},
  author={Gavrila, D.},
  journal={ECCV 2000},
  pages={37--49},
  year={2000},
  publisher={Springer}
}

@incollection{NIPSboostingtrick,
title ={Learning Image Descriptors with the Boosting-Trick},
author={Trzcinski, T. and Christoudias, M. and Lepetit, V. and Fua, P.},
booktitle = {NIPS},
pages = {278--286},
year = {2012},
}

@inproceedings{freund1995desicion,
  title={A desicion-theoretic generalization of on-line learning and an application to boosting},
  author={Freund, Y. and Schapire, R.},
  booktitle={Computational learning theory},
  pages={23--37},
  year={1995},
  organization={Springer}
}

@inproceedings{pujara2011using,
  title={Using Classifier Cascades for Scalable E-Mail Classification},
  author={Pujara, J. and Daum{\'e} III, H. and Getoor, L.},
  year={2011},
  booktitle={CEAS},   
  location={Perth, AU},
}
CEAS'8


@inproceedings{vedaldi2010vlfeat,
  title={VLFeat: An open and portable library of computer vision algorithms},
  author={Vedaldi, A. and Fulkerson, B.},
  booktitle={Proceedings of the international conference on Multimedia},
  pages={1469--1472},
  year={2010},
  organization={ACM}
}

@inproceedings{lowe1999object,
  title={Object recognition from local scale-invariant features},
  author={Lowe, D.G.},
  booktitle={Computer Vision, 1999. The Proceedings of the Seventh IEEE International Conference on},
  volume={2},
  pages={1150--1157},
  year={1999},
  organization={Ieee}
}

@inproceedings{dalal2005histograms,
  title={Histograms of oriented gradients for human detection},
  author={Dalal, N. and Triggs, B.},
  booktitle={Computer Vision and Pattern Recognition, 2005. CVPR 2005. IEEE Computer Society Conference on},
  volume={1},
  pages={886--893},
  year={2005},
  organization={IEEE}
}

@inproceedings{karayev2012timely,
  title={Timely Object Recognition},
  author={Karayev, S. and Baumgartner, T. and Fritz, M. and Darrell, T.},
  booktitle={Advances in Neural Information Processing Systems 25},
  pages={899--907},
  year={2012}
}

@inproceedings{dredze2007learning,
  title={Learning fast classifiers for image spam},
  author={Dredze, M. and Gevaryahu, R. and Elias-Bachrach, A.},
  booktitle={proceedings of the Conference on Email and Anti-Spam (CEAS)},
  year={2007}
}

@book{scholkopf2001learning,
  title={Learning with kernels: Support vector machines, regularization, optimization, and beyond},
  author={Sch{\"o}lkopf, B. and Smola, A.J.},
  year={2001},
  publisher={MIT press}
}

@article{jordan1994hierarchical,
  title={Hierarchical mixtures of experts and the EM algorithm},
  author={Jordan, M. I. and Jacobs, R. A.},
  journal={Neural computation},
  volume={6},
  number={2},
  pages={181--214},
  year={1994},
  publisher={MIT Press}
}


@article{chapelle2011boosted,
  title={Boosted multi-task learning},
  author={Chapelle, O. and Shivaswamy, P. and Vadrevu, S. and Weinberger, K. and Zhang, Y. and Tseng, B.},
  journal={Machine learning},
  volume={85},
  number={1},
  pages={149--173},
  year={2011},
  publisher={Springer}
}
month =     {July},
publisher = {ACM},
series =    {ICML '12},
editor =    {John Langford and Joelle Pineau},
address =   {New York, NY, USA},
isbn =      {978-1-4503-1285-1},
url =       {http://icml.cc/2012/papers/592.pdf},

@article{dekel2008forgetron,
  title={The forgetron: A kernel-based perceptron on a budget},
  author={Dekel, O. and Shalev-Shwartz, S. and Singer, Y.},
  journal={SIAM Journal on Computing},
  volume={37},
  number={5},
  pages={1342--1372},
  year={2008},
  publisher={SIAM}
}

@article{cortes1995support,
  title={Support-vector networks},
  author={Cortes, C. and Vapnik, V.},
  journal={Machine learning},
  volume={20},
  number={3},
  pages={273--297},
  year={1995},
  publisher={Springer}
}

@book{polak1971computational,
  title={Computational methods in optimization: a unified approach},
  author={Polak, E.},
  volume={77},
  year={1971},
  publisher={Academic press}
}

@article{platt199912,
  title={Fast Training of Support Vector Machines using Sequential Minimal Optimization},
  author={Platt, J. C.},
  year={1999}
}

@article{rosset2004boosting,
  title={Boosting as a regularized path to a maximum margin classifier},
  author={Rosset, S. and Zhu, J. and Hastie, T.},
  journal={The Journal of Machine Learning Research},
  volume={5},
  pages={941--973},
  year={2004},
  publisher={JMLR. org}
}

@article{guyon2003introduction,
  title={An introduction to variable and feature selection},
  author={Guyon, Isabelle and Elisseeff, Andr{\'e}},
  journal={The Journal of Machine Learning Research},
  volume={3},
  pages={1157--1182},
  year={2003},
  publisher={JMLR. org}
}

@article{viola2004robust,
  title={Robust real-time face detection},
  author={Viola, P. and Jones, M.J.},
  journal={IJCV},
  volume={57},
  number={2},
  pages={137--154},
  year={2004},
  publisher={Springer}
}
International journal of computer vision

@inproceedings{lazebnik2006beyond,
  title={Beyond bags of features: Spatial pyramid matching for recognizing natural scene categories},
  author={Lazebnik, S. and Schmid, C. and Ponce, J.},
  booktitle={CVPR},
  pages={2169--2178},
  year={2006},
}
	
@article{mohan10,
  author    = {Mohan, A. and
               Chen, Z. and
               Weinberger, K. Q. },
  title     = {Web-Search Ranking with Initialized Gradient Boosted Regression Trees},
  journal   = {JMLR: Workshop and Conference Proceedings},
  volume    = {14},
  year      = {2011},
  pages     = {77-89},
  ee        = {http://www.jmlr.org/proceedings/papers/v14/mohan11a.html},
  bibsource = {DBLP, http://dblp.uni-trier.de}
}
	
	
@article{scholkopf2001kernel,
  title={The kernel trick for distances},
  author={Sch\"{o}lkopf, B.},
  journal={Advances in neural information processing systems},
  pages={301--307},
  year={2001},
  publisher={MIT; 1998}
}

@book{chapelle2006semi,
  title={Semi-supervised learning},
  author={Chapelle, O. and Sch{\"o}lkopf, B. and Zien, A. and others},
  volume={2},
  year={2006},
  publisher={MIT press Cambridge}
}

@inproceedings{grubbspeedboost,
   author = "Grubb, A. and Bagnell, J. A.",
   title = "SpeedBoost: Anytime Prediction with Uniform Near-Optimality",
   booktitle = "AISTATS",
   year = "2012",
} 
month = "April",

booktitle = "Fifteenth International Conference on Artificial Intelligence and Statistics",

@inproceedings{schapire1999brief,
	Author = {Schapire, R. E.},
	Booktitle = {IJCAI},
	Pages = {1401--1406},
	Title = {A brief introduction to boosting},
	Volume = {16},
	Year = {1999}
}
Organization = {Lawrence Erlbaum Associates ltd},
IJCAI'16

@article{fleck1996finding,
	Author = {Fleck, M. and Forsyth, D. and Bregler, C.},
	Journal = {ECCV},
	Pages = {593--602},
	Publisher = {Springer},
	Title = {Finding naked people},
	Year = {1996}
}
@article{xu2014classifier,
  title={Classifier Cascades and Trees for Minimizing Feature Evaluation Cost},
  author={Xu, Z. and Kusner, M. J. and Weinberger, K. Q. and Chen, M. and Chapelle, O.},
  journal={Journal of Machine Learning Research},
  volume={15},
  pages={2113--2144},
  year={2014}
}
@inproceedings{ICML2013_xu13, 
    Publisher = {JMLR Workshop and Conference Proceedings}, 
    Title = {Cost-Sensitive Tree of Classifiers}, 
    Author = {Z. Xu and Kusner, M. J. and M. Chen and K. Q. Weinberger}, 
    Number = {1}, 
    Pages = {133-141}, 
    Volume = {28}, 
    Editor = {Sanjoy Dasgupta and David Mcallester}, 
    Year = {2013}, 
    Booktitle = {Proceedings of the 30th International Conference on Machine Learning (ICML-13)} 
   }
@conference{weinberger2009feature,
	Author = {Weinberger, K. Q. and Dasgupta, A. and Langford, J. and Smola, A. and Attenberg, J.},
	Booktitle = {ICML},
	Pages = {1113--1120},
	Title = {Feature hashing for large scale multitask learning},
	Year = {2009}
}
Organization = {ACM},
Booktitle = {Proceedings of the 26th Annual International Conference on Machine Learning},


@inproceedings{BroGabJos10,
	Author = {Broder, A. and Gabrilovich, E. and Josifovski, V. and Mavromatis, G. and Metzler, D. and Wang, J.},
	Booktitle = {CIKM '10: Proceedings of the 19th ACM Conference on Information and Knowledge Management},
	Date-Added = {2011-05-27 11:28:18 -0700},
	Date-Modified = {2011-05-27 11:28:18 -0700},
	Title = {Exploiting Site-Level Information to Improve Web Search},
	Year = {2010}
}

@article{kowalski2009sparse,
	Author = {Kowalski, M.},
	Journal = {Applied and Computational Harmonic Analysis},
	Number = {3},
	Pages = {303--324},
	Publisher = {Elsevier},
	Title = {Sparse regression using mixed norms},
	Volume = {27},
	Year = {2009}
}





@incollection{GaoKoller11,
 title ={Active Classification based on Value of Classifier},
 author={Gao, T. and Koller, D.},
 booktitle = {NIPS},
 pages = {1062--1070},
 year = {2011}
}
booktitle = {Advances in Neural Information Processing Systems 24},
editor = {J. Shawe-Taylor and R.S. Zemel and P. Bartlett and F.C.N. Pereira and K.Q. Weinberger},


@incollection{zheng2007general,
	Address = {Cambridge, MA},
	Author = {Zheng, Z. and Zha, H. and Zhang, T. and Chapelle, O. and Chen, K. and Sun, G.},
	Booktitle = {NIPS},
	Pages = {1697--1704},
	Title = {A General Boosting Method and its Application to Learning Ranking Functions for Web Search},
	Year = {2008}}

@article{efron2004least,
  title={Least angle regression},
  author={Efron, B. and Hastie, T. and Johnstone, I. and Tibshirani, R.},
  journal={The Annals of Statistics},
  volume={32},
  number={2},
  pages={407--499},
  year={2004},
  publisher={Institute of Mathematical Statistics}
}

@incollection{CAPPEDLASSO08, 
    Title = {Multi-stage Convex Relaxation for Learning with Sparse Regularization}, 
    Booktitle = {Advances in Neural Information Processing Systems 21}, 
    Author = {T. Zhang}, 
    Editor = {D. Koller and D. Schuurmans and Y. Bengio and L. Bottou}, 
    Year = {2008}, 
    Pages = {1929--1936} 
   }
	
@article{Chapelle02choosingmultiple,
  title={{Choosing multiple parameters for support vector machines}},
  author={Chapelle, O. and Vapnik, V. and Bousquet, O. and Mukherjee, S.},
  journal={Machine Learning},
  volume={46},
  number={1},
  pages={131--159},
  year={2002},
  publisher={Springer}
}

@article{cortes1995support,
	  title={{Support-vector networks}},
	  author={Cortes, C. and Vapnik, V.},
	  journal={Machine learning},
	  volume={20},
	  number={3},
	  pages={273--297},
	  year={1995},
	  publisher={Springer}
}

@Book{Vapnik98,
  author	= {V.~Vapnik},
  title		= {Statistical Learning Theory},
  publisher	= {Wiley},
  address	= {N.Y.},
  year		= {1998}
}

@incollection{Lefakis2010,
 title = {Joint Cascade Optimization Using A Product Of Boosted Classifiers},
 author = {Lefakis, L. and Fleuret, F.},
 booktitle = {NIPS},
 pages = {1315--1323},
 year = {2010}
}
editor = {J. Lafferty and C. K. I. Williams and J. Shawe-Taylor and R.S. Zemel and A. Culotta},
 booktitle = {Advances in Neural Information Processing Systems 23},

@MISC{peterson2008,
	author = {K. B. Petersen and M. S. Pedersen},
	title = {The Matrix Cookbook},
	year = {2008},
	month = {oct},
	keywords = {Matrix identity, matrix relations, inverse, matrix derivative},
	publisher = {Technical University of Denmark},
	abstract = {Matrix identities, relations and approximations. A desktop reference for quick overview of mathematics of matrices.}
	}

@incollection{Saberian2010,
 title = {Boosting Classifier Cascades},
 author = {Saberian, M. and Vasconcelos, N.},
 booktitle = {NIPS},
 pages = {2047--2055},
 year = {2010}
}
booktitle = {Advances in Neural Information Processing Systems 23},

@book{chung1997spectral,
  title={Spectral graph theory},
  author={Chung, F.},
  volume={92},
  year={1997},
  publisher={AMS Bookstore}
}

@inproceedings{chen2011,
  title={Classifier Cascade for Minimizing Feature Evaluation Cost},
  author={Chen, M. and Xu, Z. and Weinberger, K. Q. and Chapelle, O.},
  year={2012},
  Booktitle={AISTATS},
}
# booktitle={Proceedings of the Fifteenth International Conference on Artificial Intelligence and Statistics},


@inproceedings{dundar2007joint,
  title={Joint optimization of cascaded classifiers for computer aided detection},
  author={Dundar, M.M. and Bi, J.},
  booktitle={2007 IEEE Conference on Computer Vision and Pattern Recognition},
  pages={1--8},
  year={2007},
  organization={IEEE}
}

@book{lehmann1998theory,
  title={Theory of point estimation},
  author={Lehmann, E. L. and Casella, G.},
  volume={31},
  year={1998},
  publisher={Springer}
}

@inproceedings{weston2000feature,
  title={Feature selection for SVMs},
  author={Weston, J. and Mukherjee, S. and Chapelle, O. and Pontil, M. and Poggio, T. and Vapnik, V.},
  booktitle={NIPS},
  volume={12},
  pages={668--674},
  year={2000}
}

@article{yamada2012high,
  title={High-Dimensional Feature Selection by Feature-Wise Non-Linear Lasso},
  author={Yamada, M. and Jitkrittum, W. and Sigal, L. and Xing, E. P. and Sugiyama, M.},
  journal={arXiv preprint arXiv:1202.0515},
  year={2012}
}

@article{peng2005feature,
  title={Feature selection based on mutual information criteria of max-dependency, max-relevance, and min-redundancy},
  author={Peng, H. and Long, F. and Ding, C.},
  journal={Pattern Analysis and Machine Intelligence, IEEE Transactions on},
  volume={27},
  number={8},
  pages={1226--1238},
  year={2005},
  publisher={IEEE}
}

@article{tibshirani1996regression,
  title={Regression shrinkage and selection via the lasso},
  author={Tibshirani, R.},
  journal={Journal of the Royal Statistical Society. Series B (Methodological)},
  pages={267--288},
  year={1996},
  publisher={JSTOR}
}


@inproceedings{pan2009feature,
  title={Feature selection for ranking using boosted trees},
  author={Pan, F. and Converse, T. and Ahn, D. and Salvetti, F. and Donato, G.},
  booktitle={Proceedings of the 18th ACM conference on Information and knowledge management},
  pages={2025--2028},
  year={2009},
  organization={ACM}
}

@article{song2012feature,
  title={Feature selection via dependence maximization},
  author={Song, L. and Smola, A. and Gretton, A. and Bedo, J. and Borgwardt, K.},
  journal={The Journal of Machine Learning Research},
  volume={98888},
  pages={1393--1434},
  year={2012},
  publisher={JMLR. org}
}

@book{lehmann1998theory,
  title={Theory of point estimation},
  author={Lehmann, Erich Leo and Casella, George},
  volume={31},
  year={1998},
  publisher={Springer}
}

@article{perkins2003grafting,
  title={Grafting: Fast, incremental feature selection by gradient descent in function space},
  author={Perkins, S. and Lacker, K. and Theiler, J.},
  journal={The Journal of Machine Learning Research},
  volume={3},
  pages={1333--1356},
  year={2003},
  publisher={JMLR. org}
}

@article{tuv2009feature,
  title={Feature selection with ensembles, artificial variables, and redundancy elimination},
  author={Tuv, E. and Borisov, A. and Runger, G. and Torkkola, K.},
  journal={The Journal of Machine Learning Research},
  volume={10},
  pages={1341--1366},
  year={2009},
  publisher={JMLR. org}
}

@article{jarvelin2002cumulated,
  title={{Cumulated gain-based evaluation of IR techniques}},
  author={J\"arvelin, K. and Kek\"al\"ainen, J.},
  journal={ACM TOIS},
  volume={20},
  number={4},
  pages={422--446},
  year={2002},
  publisher={ACM}
}

@inproceedings{kolter2009regularization,
  title={Regularization and feature selection in least-squares temporal difference learning},
  author={Kolter, J. K. and Ng, A. Y.},
  booktitle={Proceedings of the 26th annual international conference on machine learning},
  pages={521--528},
  year={2009},
  organization={ACM}
}

@inproceedings{keerthi2005generalized,
  title={Generalized LARS as an effective feature selection tool for text classification with SVMs},
  author={Keerthi, S.},
  booktitle={Proceedings of the 22nd international conference on Machine learning},
  pages={417--424},
  year={2005},
  organization={ACM}
}

@book{breiman1984classification,
  title={Classification and regression trees},
  author={Breiman, L.},
  year={1984},
  publisher={Chapman \& Hall/CRC}
}
@incollection{yoshiyama2012manifold,
  title={Manifold-Regularized minimax probability machine},
  author={Yoshiyama, K. and Sakurai, A.},
  booktitle={Partially Supervised Learning},
  pages={42--51},
  year={2012},
  publisher={Springer}
}

@article{hornik1989multilayer,
  title={Multilayer feedforward networks are universal approximators},
  author={Hornik, K. and Stinchcombe, M. and White, H.},
  journal={Neural networks},
  volume={2},
  number={5},
  pages={359--366},
  year={1989},
  publisher={Elsevier}
}

@article{lanckriet2003robust,
  title={A robust minimax approach to classification},
  author={Lanckriet, G. and Ghaoui, L. and Bhattacharyya, C. and Jordan, M. I.},
  journal={The Journal of Machine Learning Research},
  volume={3},
  pages={555--582},
  year={2003},
  publisher={JMLR. org}
}
@article{friedman2001greedy,
  title={Greedy function approximation: a gradient boosting machine},
  author={Friedman, J.H.},
  journal={The Annals of Statistics},
  pages={1189--1232},
  year={2001},
  publisher={JSTOR}
}

@article{bengio2010label,
  title={Label embedding trees for large multi-class tasks},
  author={Bengio, S. and Weston, J. and Grangier, D.},
  journal={NIPS},
  volume={23},
  pages={163--171},
  year={2010}
}

@inproceedings{busa2012fast,
  title={Fast classification using sparse decision DAGs},
  author={Busa-Fekete, R. and Benbouzid, D. and K{\'e}gl, B. and others},
  booktitle={ICML},
  year={2012}
}

@inproceedings{wang2012local,
  title={Local Supervised Learning through Space Partitioning},
  author={Wang, J. and Saligrama, V.},
  booktitle={NIPS},
  pages={91--99},
  year={2012}
}

@inproceedings{karayev2012timely,
  title={Timely Object Recognition},
  author={Karayev, S. and Baumgartner, T. and Fritz, M. and Darrell, T.},
  booktitle={Advances in Neural Information Processing Systems 25},
  pages={899--907},
  year={2012}
}
@article{rakotomamonjy2008simplemkl,
  title={SimpleMKL},
  author={Rakotomamonjy, A. and Bach, F. and Canu, S. and Grandvalet, Y. and others},
  journal={Journal of Machine Learning Research},
  volume={9},
  pages={2491--2521},
  year={2008}
}

@article{bonnans1998optimization,
  title={Optimization problems with perturbations: A guided tour},
  author={Bonnans, J Fr{\'e}d{\'e}ric and Shapiro, Alexander},
  journal={SIAM review},
  volume={40},
  number={2},
  pages={228--264},
  year={1998},
  publisher={SIAM}
}

@inproceedings{xiao2010sun,
  title={Sun database: Large-scale scene recognition from abbey to zoo},
  author={Xiao, J. and Hays, J. and Ehinger, K. A. and Oliva, A. and Torralba, A.},
  booktitle={CVPR},
  pages={3485--3492},
  year={2010},
  organization={IEEE}
}

@book{golub1996matrix,
  title={Matrix computations},
  author={Golub, G. H. and Van Loan, C. F.},
  volume={3},
  year={1996},
  publisher={Johns Hopkins University Press}
}

@article{cottle1974manifestations,
  title={Manifestations of the Schur complement},
  author={Cottle, R. W.},
  journal={Linear Algebra and its Applications},
  volume={8},
  number={3},
  pages={189--211},
  year={1974},
  publisher={Elsevier}
}

@incollection{kedem2012,
title ={Non-linear Metric Learning},
author={Kedem, D. and Tyree, S. and Weinbeger, K. Q. and Sha, F. and Lanckriet, G.},
booktitle = {NIPS},
pages = {2582--2590},
year = {2012}
}


@inproceedings{tyree2011parallel,
  title={Parallel boosted regression trees for web search ranking},
  author={Tyree, S. and Weinberger, K. Q. and Agrawal, K. and Paykin, J.},
  booktitle={WWW},
  pages={387--396},
  year={2011},
  organization={ACM}
}

 Cost-Sensitive Tree of Classifiers. Proceedings of 30th International Conference on Machine Learning (ICML), Atlanta, GA (in press).

@InProceedings{gao2011multiclass,
  author =    {Tianshi Gao and Daphne Koller},
  title =     {Multiclass Boosting with Hinge Loss based on Output Coding },
  series =    {ICML '11},
  year =      {2011},
  editor =    {Lise Getoor and Tobias Scheffer},
  location =  {Bellevue, Washington, USA},
  pages=      {569--576},
}

@article{gavrila2000pedestrian,
  title={Pedestrian detection from a moving vehicle},
  author={Gavrila, D.},
  journal={ECCV 2000},
  pages={37--49},
  year={2000},
  publisher={Springer}
}


@inproceedings{freund1995desicion,
  title={A desicion-theoretic generalization of on-line learning and an application to boosting},
  author={Freund, Y. and Schapire, R.},
  booktitle={Computational learning theory},
  pages={23--37},
  year={1995},
  organization={Springer}
}

@inproceedings{pujara2011using,
  title={Using Classifier Cascades for Scalable E-Mail Classification},
  author={Pujara, J. and Daum{\'e} III, H. and Getoor, L.},
  year={2011},
  booktitle={CEAS},   
  location={Perth, AU},
}
CEAS'8


@inproceedings{vedaldi2010vlfeat,
  title={VLFeat: An open and portable library of computer vision algorithms},
  author={Vedaldi, A. and Fulkerson, B.},
  booktitle={Proceedings of the international conference on Multimedia},
  pages={1469--1472},
  year={2010},
  organization={ACM}
}

@inproceedings{lowe1999object,
  title={Object recognition from local scale-invariant features},
  author={Lowe, D.G.},
  booktitle={Computer Vision, 1999. The Proceedings of the Seventh IEEE International Conference on},
  volume={2},
  pages={1150--1157},
  year={1999},
  organization={Ieee}
}

@inproceedings{dalal2005histograms,
  title={Histograms of oriented gradients for human detection},
  author={Dalal, N. and Triggs, B.},
  booktitle={Computer Vision and Pattern Recognition, 2005. CVPR 2005. IEEE Computer Society Conference on},
  volume={1},
  pages={886--893},
  year={2005},
  organization={IEEE}
}

@inproceedings{karayev2012timely,
  title={Timely Object Recognition},
  author={Karayev, S. and Baumgartner, T. and Fritz, M. and Darrell, T.},
  booktitle={Advances in Neural Information Processing Systems 25},
  pages={899--907},
  year={2012}
}

@inproceedings{dredze2007learning,
  title={Learning fast classifiers for image spam},
  author={Dredze, M. and Gevaryahu, R. and Elias-Bachrach, A.},
  booktitle={proceedings of the Conference on Email and Anti-Spam (CEAS)},
  year={2007}
}

@book{scholkopf2001learning,
  title={Learning with kernels: Support vector machines, regularization, optimization, and beyond},
  author={Sch{\"o}lkopf, B. and Smola, A. J.},
  year={2001},
  publisher={MIT press}
}

@article{nadaraya1964estimating,
  title={On estimating regression},
  author={Nadaraya, E. A.},
  journal={Theory of Probability \& Its Applications},
  volume={9},
  number={1},
  pages={141--142},
  year={1964},
  publisher={SIAM}
}

@book{neter1996applied,
  title={Applied linear statistical models},
  author={Neter, J. and Kutner, M. H. and Nachtsheim, C. J. and Wasserman, W.},
  volume={4},
  year={1996},
  publisher={Irwin Chicago}
}

@article{cortes1995support,
  title={Support-vector networks},
  author={Cortes, Corinna and Vapnik, Vladimir},
  journal={Machine learning},
  volume={20},
  number={3},
  pages={273--297},
  year={1995},
  publisher={Springer}
}

@article{chapelle2011boosted,
  title={Boosted multi-task learning},
  author={Chapelle, O. and Shivaswamy, P. and Vadrevu, S. and Weinberger, K. and Zhang, Y. and Tseng, B.},
  journal={Machine learning},
  volume={85},
  number={1},
  pages={149--173},
  year={2011},
  publisher={Springer}
}
month =     {July},
publisher = {ACM},
series =    {ICML '12},
editor =    {John Langford and Joelle Pineau},
address =   {New York, NY, USA},
isbn =      {978-1-4503-1285-1},
url =       {http://icml.cc/2012/papers/592.pdf},

@article{cortes1995support,
  title={Support-vector networks},
  author={Cortes, C. and Vapnik, V.},
  journal={Machine learning},
  volume={20},
  number={3},
  pages={273--297},
  year={1995},
  publisher={Springer}
}

@book{hosmer2000applied,
  title={Applied logistic regression},
  author={Hosmer, D. W. and Lemeshow, S.},
  volume={354},
  year={2000},
  publisher={Wiley-Interscience}
}

@book{boyd2004convex,
  title={Convex optimization},
  author={Boyd, S. P. and Vandenberghe, L.},
  year={2004},
  publisher={Cambridge Univ Pr}
}

@article{rosset2004boosting,
  title={Boosting as a regularized path to a maximum margin classifier},
  author={Rosset, S. and Zhu, J. and Hastie, T.},
  journal={The Journal of Machine Learning Research},
  volume={5},
  pages={941--973},
  year={2004},
  publisher={JMLR. org}
}

@article{viola2004robust,
  title={Robust real-time face detection},
  author={Viola, P. and Jones, M.J.},
  journal={IJCV},
  volume={57},
  number={2},
  pages={137--154},
  year={2004},
  publisher={Springer}
}
International journal of computer vision

@article{li2010object,
  title={Object bank: A high-level image representation for scene classification and semantic feature sparsification},
  author={Li, L. J. and Su, H. and Xing, E. P. and Fei-Fei, L.},
  journal={NIPS},
  year={2010}
}

@inproceedings{lazebnik2006beyond,
  title={Beyond bags of features: Spatial pyramid matching for recognizing natural scene categories},
  author={Lazebnik, S. and Schmid, C. and Ponce, J.},
  booktitle={CVPR},
  pages={2169--2178},
  year={2006},
}
	
@article{mohan10,
  author    = {Mohan, A. and
               Chen, Z. and
               Weinberger, K. Q. },
  title     = {Web-Search Ranking with Initialized Gradient Boosted Regression Trees},
  journal   = {JMLR: Workshop and Conference Proceedings},
  volume    = {14},
  year      = {2011},
  pages     = {77-89},
  ee        = {http://www.jmlr.org/proceedings/papers/v14/mohan11a.html},
  bibsource = {DBLP, http://dblp.uni-trier.de}
}
	
@book{chapelle2006semi,
  title={Semi-supervised learning},
  author={Chapelle, Olivier and Sch{\"o}lkopf, Bernhard and Zien, Alexander and others},
  volume={2},
  year={2006},
  publisher={MIT press Cambridge}
}	

@article{scholkopf2001kernel,
  title={The kernel trick for distances},
  author={Sch\"{o}lkopf, B.},
  journal={Advances in neural information processing systems},
  pages={301--307},
  year={2001},
  publisher={MIT; 1998}
}

@inproceedings{grubbspeedboost,
   author = "Grubb, A. and Bagnell, J. A.",
   title = "SpeedBoost: Anytime Prediction with Uniform Near-Optimality",
   booktitle = "AISTATS",
   year = "2012",
} 
month = "April",

booktitle = "Fifteenth International Conference on Artificial Intelligence and Statistics",

@article{fleck1996finding,
	Author = {Fleck, M. and Forsyth, D. and Bregler, C.},
	Journal = {ECCV},
	Pages = {593--602},
	Publisher = {Springer},
	Title = {Finding naked people},
	Year = {1996}
}

@conference{weinberger2009feature,
	Author = {Weinberger, K. Q. and Dasgupta, A. and Langford, J. and Smola, A. and Attenberg, J.},
	Booktitle = {ICML},
	Pages = {1113--1120},
	Title = {Feature hashing for large scale multitask learning},
	Year = {2009}
}
Organization = {ACM},
Booktitle = {Proceedings of the 26th Annual International Conference on Machine Learning},

@article {chapelle2010b,
   author = {Chapelle, O. and Shivaswamy, P. and Vadrevu, S. and Weinberger, K. and Zhang, Y. and Tseng, B.},
   affiliation = {Yahoo! Labs, Sunnyvale, CA USA},
   title = {Boosted multi-task learning},
   journal = {Machine Learning},
   publisher = {Springer Netherlands},
   keyword = {Computer Science},
   pages = {1-25},
   year = {2010}
}

@article{kowalski2009sparse,
	Author = {Kowalski, M.},
	Journal = {Applied and Computational Harmonic Analysis},
	Number = {3},
	Pages = {303--324},
	Publisher = {Elsevier},
	Title = {Sparse regression using mixed norms},
	Volume = {27},
	Year = {2009}
}





@incollection{GaoKoller11,
 title ={Active Classification based on Value of Classifier},
 author={Gao, T. and Koller, D.},
 booktitle = {NIPS},
 pages = {1062--1070},
 year = {2011}
}
booktitle = {Advances in Neural Information Processing Systems 24},
editor = {J. Shawe-Taylor and R.S. Zemel and P. Bartlett and F.C.N. Pereira and K.Q. Weinberger},


@incollection{zheng2007general,
	Address = {Cambridge, MA},
	Author = {Zheng, Z. and Zha, H. and Zhang, T. and Chapelle, O. and Chen, K. and Sun, G.},
	Booktitle = {NIPS},
	Pages = {1697--1704},
	Title = {A General Boosting Method and its Application to Learning Ranking Functions for Web Search},
	Year = {2008}}

@article{efron2004least,
  title={Least angle regression},
  author={Efron, B. and Hastie, T. and Johnstone, I. and Tibshirani, R.},
  journal={The Annals of Statistics},
  volume={32},
  number={2},
  pages={407--499},
  year={2004},
  publisher={Institute of Mathematical Statistics}
}
	
@inproceedings{raykar2010designing,
	author = {Raykar, V. C. and Krishnapuram, B. and Yu, S.},
	booktitle = {ACM SIGKDD},
	pages = {853--860},
	title = {Designing efficient cascaded classifiers: tradeoff between accuracy and cost},
	year = {2010}
}

@article{Chapelle02choosingmultiple,
  title={{Choosing multiple parameters for support vector machines}},
  author={Chapelle, O. and Vapnik, V. and Bousquet, O. and Mukherjee, S.},
  journal={Machine Learning},
  volume={46},
  number={1},
  pages={131--159},
  year={2002},
  publisher={Springer}
}

@article{cortes1995support,
	  title={{Support-vector networks}},
	  author={Cortes, C. and Vapnik, V.},
	  journal={Machine learning},
	  volume={20},
	  number={3},
	  pages={273--297},
	  year={1995},
	  publisher={Springer}
}

@Book{Vapnik98,
  author	= {V.~Vapnik},
  title		= {Statistical Learning Theory},
  publisher	= {Wiley},
  address	= {N.Y.},
  year		= {1998}
}

@incollection{Lefakis2010,
 title = {Joint Cascade Optimization Using A Product Of Boosted Classifiers},
 author = {Lefakis, L. and Fleuret, F.},
 booktitle = {NIPS},
 pages = {1315--1323},
 year = {2010}
}
editor = {J. Lafferty and C. K. I. Williams and J. Shawe-Taylor and R.S. Zemel and A. Culotta},
 booktitle = {Advances in Neural Information Processing Systems 23},

@MISC{peterson2008,
	author = {K. B. Petersen and M. S. Pedersen},
	title = {The Matrix Cookbook},
	year = {2008},
	month = {oct},
	keywords = {Matrix identity, matrix relations, inverse, matrix derivative},
	publisher = {Technical University of Denmark},
	abstract = {Matrix identities, relations and approximations. A desktop reference for quick overview of mathematics of matrices.}
	}

@incollection{Saberian2010,
 title = {Boosting Classifier Cascades},
 author = {Saberian, M. and Vasconcelos, N.},
 booktitle = {NIPS},
 pages = {2047--2055},
 year = {2010}
}
booktitle = {Advances in Neural Information Processing Systems 23},

@book{korte2002combinatorial,
  title={Combinatorial optimization},
  author={Korte, B. and Vygen, J.},
  volume={1},
  year={2002},
  publisher={Springer}
}

@incollection{melville2004experiments,
  title={Experiments on ensembles with missing and noisy data},
  author={Melville, P. and Shah, N. and Mihalkova, L. and Mooney, R. J.},
  booktitle={Multiple Classifier Systems},
  pages={293--302},
  year={2004},
  publisher={Springer}
}

@article{freund1999short,
  title={A short introduction to boosting},
  author={Freund, Y. and Schapire, R. and Abe, N.},
  journal={Journal-Japanese Society For Artificial Intelligence},
  volume={14},
  number={771-780},
  pages={1612},
  year={1999},
  publisher={JAPANESE SOC ARTIFICIAL INTELL}
}

@inproceedings{chai2004test,
  title={Test-cost sensitive naive bayes classification},
  author={Chai, X. and Deng, L. and Yang, Q. and Ling, C. X.},
  booktitle={Data Mining, 2004. ICDM'04.},
  pages={51--58},
  year={2004},
  organization={IEEE}
}
@inproceedings{reyzin2011boosting,
  title={Boosting on a budget: Sampling for feature-efficient prediction},
  author={Reyzin, L.},
  booktitle={Proceedings of the 28th International Conference on Machine Learning (ICML-11)},
  pages={529--536},
  year={2011}
}

@inproceedings{xu2013anytime,
  title={Anytime Representation Learning},
  author={Xu, Z. and Kusner, M. J. and Huang, G. and Weinberger, K. Q.},
  booktitle={Proceedings of the 30th International Conference on Machine Learning (ICML-13)},
  pages={1076--1084},
  year={2013}
}

@article{xu2012distance,
  title={Distance Metric Learning for Kernel Machines},
  author={Xu, Z. and Weinberger, K. Q. and Chapelle, O.},
  journal={arXiv preprint arXiv:1208.3422},
  year={2012}
}

@inproceedings{xu2014gradient,
  title={Gradient boosted feature selection},
  author={Xu, Z. and Huang, G. and Weinberger, K. Q. and Zheng, A. X.},
  booktitle={Proceedings of the 20th ACM SIGKDD international conference on Knowledge discovery and data mining},
  pages={522--531},
  year={2014},
  organization={ACM}
}

@inproceedings{chen2011,
  title={Classifier Cascade for Minimizing Feature Evaluation Cost},
  author={Chen, M. and Xu, Z. and Weinberger, K. Q. and Chapelle, O.},
  year={2012},
  Booktitle={AISTATS},
}
# booktitle={Proceedings of the Fifteenth International Conference on Artificial Intelligence and Statistics},

@article{trapeznikov2013multi,
  title={Multi-stage classifier design},
  author={Trapeznikov, K. and Saligrama, V. and Casta{\~n}{\'o}n, D.},
  journal={Machine learning},
  volume={92},
  number={2-3},
  pages={479--502},
  year={2013},
  publisher={Springer}
}
@inproceedings{dundar2007joint,
  title={Joint optimization of cascaded classifiers for computer aided detection},
  author={Dundar, M.M. and Bi, J.},
  booktitle={2007 IEEE Conference on Computer Vision and Pattern Recognition},
  pages={1--8},
  year={2007},
  organization={IEEE}
}

@article{jarvelin2002cumulated,
  title={{Cumulated gain-based evaluation of IR techniques}},
  author={J\"arvelin, K. and Kek\"al\"ainen, J.},
  journal={ACM TOIS},
  volume={20},
  number={4},
  pages={422--446},
  year={2002},
  publisher={ACM}
}

@book{breiman1984classification,
  title={Classification and regression trees},
  author={Breiman, L.},
  year={1984},
  publisher={Chapman \& Hall/CRC}
}

@article{friedman2001greedy,
  title={Greedy function approximation: a gradient boosting machine},
  author={Friedman, J.},
  journal={The Annals of Statistics},
  pages={1189--1232},
  year={2001},
  publisher={JSTOR}
}

@inproceedings{deng2011fast,
  title={Fast and Balanced: Efficient Label Tree Learning for Large Scale Object Recognition},
  author={Deng, J. and Satheesh, S. and Berg, A. C. and Fei-Fei, L.},
  year={2011},
  booktitle={NIPS}
}

@article{bengio2010label,
  title={Label embedding trees for large multi-class tasks},
  author={Bengio, S. and Weston, J. and Grangier, D.},
  journal={NIPS},
  volume={23},
  pages={163--171},
  year={2010}
}

@inproceedings{busa2012fast,
  title={Fast classification using sparse decision DAGs},
  author={Busa-Fekete, R. and Benbouzid, D. and K{\'e}gl, B. and others},
  booktitle={ICML},
  year={2012}
}

@inproceedings{wang2012local,
  title={Local Supervised Learning through Space Partitioning},
  author={Wang, J. and Saligrama, V.},
  booktitle={NIPS},
  pages={91--99},
  year={2012}
}

@inproceedings{karayev2012timely,
  title={Timely Object Recognition},
  author={Karayev, S. and Baumgartner, T. and Fritz, M. and Darrell, T.},
  booktitle={Advances in Neural Information Processing Systems 25},
  pages={899--907},
  year={2012}
}

ICML29